@ARTICLE{mccusker_mcguinness_2010,
  author = "James McCusker and Deborah McGuinness",
  title = "Towards identity in linked data",
  journal = "Proceedings of OWL Experiences and Directions Seventh Annual Workshop",
  year = "2010"
}

@ARTICLE{schreiber_2006,
  author = "G. Schreiber and A. Amin and M. van Assem and V. de Boer and L. Hardman and M. Hildebrand and L. Hollink and Z. Huang and J. van Kersen and M. de Niet and B. Omelayenko and J. van Ossenbruggen and R. Siebes and J. Taekema and J. Wielemaker and B. Wielinga",
  title = "MultimediaN E-Culture Demonstrator",
  journal = "The Semnantic Web - ISWC 2006, Athens, Georgia",
  volume = "4273 of LNCS",
  pages = "951--958",
  publisher = "Springer Verlag",
  month = "November",
  year = "2006",
  note = "Winner of the Semantic Web Challenge 2006"
}

@MISC{oaei_2012,
  author = "OAEI",
  title = "The instance matching track of the Ontology Alignment Evaluation Initative (OAEI) 2012",
  year = "2012",
  url = "http://www.instancematching.org/oaei/"
}

@MISC{void_2011,
  author = "W3C",
  title = "Describing Linked Datasets with the VoID Vocabulary",
  month = "March",
  year = "2011",
  url = "http://www.w3.org/TR/2011/NOTE-void-20110303/"
}

