@BOOK{BaaderNutt2003,
  author = {Franz Baader and Werner Nutt},
  editor = {Franz Baader},
  publisher = {Cambridge University Press},
  title = {
    The Description Logic Handbook:
    Theory, Implementation, and Application
  },
  year = {2003}
}

@ARTICLE{BianconiPinMarsili2009,
  author = {Bianconi, Ginestra and Pin, Paolo and Marsili, Matteo},
  title = {Assessing the relevance of node features for network structure},
  journal = {Proceedings of the National Academy of Sciences},
  year = {2009},
  volume = {106},
  pages = {11433--11438},
  number = {28},
  publisher = {National Acad Sciences}
}

@BOOK{Charniak85,
  title = {Introduction to Artificial Intelligence},
  publisher = {Addison-Wesley},
  year = {1985},
  author = {E. Charniak and D. McDermott},
  address = {Reading, MA}
}

@ARTICLE{CilibrasiVitanyi2007,
  author = {Rudi L. Cilibrasi and Paul M. B. Vitanyi},
  journal = {{{IEEE Transactions on Knowledge and Data Engineering}}},
  number = {3},
  pages = {370--383},
  publisher = {IEEE},
  title = {The google similarity distance},
  volume = {19},
  year = {2007}
}

@MISC{data2semantics,
  title = {data2semantics \url{http://www.data2semantics.org}},
  url = {http://www.data2semantics.org/}
}

@ARTICLE{Deb2001,
  author = {Kalyanmoy Deb},
  title = {Multi-objective optimization},
  journal = {Multi-objective optimization using evolutionary algorithms},
  year = {2001},
  pages = {13--46},
  publisher = {John Wiley \& Sons Hoboken, NJ}
}

@ARTICLE{Dijkstra1968,
  author = {E.W. Dijkstra},
  title = {Goto statements considered harmful},
  journal = {Communications of the ACM},
  year = {1968},
  volume = {11},
  pages = {147--148},
  number = {3}
}

@BOOK{DomingueFenselHedler2011,
  title = {Handbook of Semantic Web Technologies},
  publisher = {Berlin Heidelberg: Springer-Verlag},
  year = {2011},
  editor = {J. Domingue and Dieter Fensel and Jim A. Hendler}
}

@BOOK{EasleyKleinberg2012,
  author = {David Easley and Jon Kleinberg}
  publisher = {Wiley Online Library},
  title = {{{
    Networks, Crowds, and Markets:
    Reasoning about a highly connected	world
  }}},
  year = {2012}
}

@MISC{Gephi,
  title = {Gephi \url{https://gephi.org}},
  crossref = {Gephi},
  url = {https://gephi.org}
}

@ARTICLE{HeathBizer2011,
  author = {Tom Heath and Christian Bizer},
  title = {Linked data: Evolving the web into a global data space},
  journal = {Synthesis lectures on the semantic web: theory and technology},
  year = {2011},
  volume = {1},
  pages = {1--136},
  number = {1},
  publisher = {Morgan \& Claypool Publishers}
}

@ARTICLE{HorrocksPaterschneiderHarmelen2003,
  author = {
    Ian Horrocks and
    Peter F. Patel-Schneider and
    Frank Van Harmelen
  },
  journal = {{{
    Web semantics: science, services and agents on the World Wide Web
  }}},
  number = {1},
  pages = {7--26},
  publisher = {Elsevier},
  title = {{{
    From SHIQ and RDF to OWL: The making of a web ontology language
  }}},
  volume = {1},
  year = {2003}
}

@BOOK{Kowalski1979,
  title = {Logic for Problem Solving},
  year = {1979},
  author = {R. Kowalski}
}

@ARTICLE{Lee2001,
  author = {Tim Berners-Lee and James Hendler and Ora Lassila},
  title = {The Semantic Web},
  journal = {Scientific American},
  year = {2001},
  owner = {wbeek},
  timestamp = {2013.08.31}
}

@ARTICLE{LeungFan2002,
  author = {Hareton Leung and Zhang Fan},
  title = {{{Software Cost Estimation}}},
  journal = {{{
    Handbook of Software Engineering, Hong Kong Polytechnic University
  }}},
  year = {2002}
}

@MISC{PraSem,
  author = {Stefan Schlobach},
  title = {PraSem \url{http://altsemantics.files.wordpress.com/2012/04/prasem.pdf}}
}

@INPROCEEDINGS{Steels98,
  author = {Luc Steels},
  title = {Bootstrapping Cognition through Language},
  booktitle = {
    Proceedings of the Tenth Netherlands/Belgium Conference on
    Artificial Intelligence (NAIC'98)
  },
  year = {1998},
  editor = {H. La Poutr\'e and H.J. van den Herik},
  pages = {3}
}

@MISC{Synerscope,
  title = {Synerscope \url{http://www.synerscope.com}},
  crossref = {Synerscope},
  url = {http://www.synerscope.com}
}

@BOOK{VanSteen2010,
  author = {Maarten Van Steen},
  title = {Graph Theory and Complex Networks: An Introduction},
  year = {2010}
}

