@MISC{bizer_cyganiak_heath_2007,
  author = {Bizer, Chris and Cyganiak, Richard and Heath, Tom},
  title = {How to Publish Linked Data on the Web},
  year = {2007},
  url = {http://wifo5-03.informatik.uni-mannheim.de/bizer/pub/LinkedDataTutorial/},
  note = {Last accessed in May 2013}
}

@ARTICLE{ding_shinavier_finin_mcguinness_2010,
  title={OWL: sameAs and linked data: an empirical study},
  author={Ding, Li and Shinavier, Joshua and Finin, Tim and McGuinness, Deborah L},
  year={2010}
}

@INCOLLECTION{ding_shinavier_shangguan_mcguinness_2010,
  year = {2010},
  isbn = {978-3-642-17745-3},
  booktitle = {The Semantic Web – ISWC 2010},
  volume = {6496},
  series = {Lecture Notes in Computer Science},
  editor = {Patel-Schneider, PeterF. and Pan, Yue and Hitzler, Pascal and Mika, Peter and Zhang, Lei and Pan, JeffZ. and Horrocks, Ian and Glimm, Birte},
  doi={10.1007/978-3-642-17746-0_10},
  title = {SameAs Networks and Beyond: Analyzing Deployment Status and Implications of owl:sameAs in Linked Data},
  url = {http://dx.doi.org/10.1007/978-3-642-17746-0_10},
  publisher = {Springer Berlin Heidelberg},
  keywords = {owl:sameAs; Linked Data; Network},
  author = {Ding, Li and Shinavier, Joshua and Shangguan, Zhenning and McGuinness, DeborahL.},
  pages = {145-160}
}

@INCOLLECTION{halpin_hayes_2010,
  year = {2010},
  isbn = {978-3-642-17745-3},
  booktitle = {The Semantic Web – ISWC 2010},
  volume = {6496},
  series = {Lecture Notes in Computer Science},
  editor = {Patel-Schneider, Peter F. and Pan, Yue and Hitzler, Pascal and Mika, Peter and Zhang, Lei and Pan, Jeff Z. and Horrocks, Ian and Glimm, Birte},
  doi = {10.1007/978-3-642-17746-0_20},
  title = {When owl:sameAs Isn’t the Same: An Analysis of Identity in Linked Data},
  url = {http://dx.doi.org/10.1007/978-3-642-17746-0_20},
  publisher = {Springer Berlin Heidelberg},
  keywords = {linked data; identity; coreference},
  author = {Halpin, Harry and Hayes, PatrickJ. and McCusker, JamesP. and McGuinness, DeborahL. and Thompson, HenryS.},
  pages={305-320}
}

@INBOOK{halpin_hayes_mccusker_mcguinness_thompson_2010,
  title     = "When owl:sameAs Isn't the Same: An Analysis of Identity in Linked Data",
  publisher = "Springer Berlin / Heidelberg",
  author    = "Harry Halpin and Patrick Hayes and James McCusker and Deborah McGuinness and Thompson, {Henry S.}",
  year      = "2010",
  editor    = "Peter Patel-Schneider and Yue Pan and Pascal Hitzler and Peter Mika and Lei Zhang and Jeff Pan and Ian Horrocks and Birte Glimm",
  isbn      = "978-3-642-17745-3",
  series    = "Lecture Notes in Computer Science",
  pages     = "305-320",
  booktitle = "The Semantic Web -- ISWC 2010",
}

@ARTICLE{mccusker_mcguinness_2010,
  author = {McCusker, James and McGuinness, Deborah},
  title = {Towards identity in linked data},
  journal = {Proceedings of OWL Experiences and Directions Seventh Annual Workshop},
  year = {2010}
}

@INCOLLECTION{melo_2013,
  booktitle = {Proceedings of the American Association for Artificial Intelligence 2013},
  title = {Not Quite the Same: Identity Constraints for the Web of Linked Data},
  author = {Gerard de Melo},
  year = {2013}
}

@MISC{motic_paterschneider_grau_2012,
  author = {W3C},
  editor = {Motik, Boris and Patel-Schneider, Peter F. and Grau, Bernardo Cuenca},
  month = {December},
  year = {2012},
  title = {OWL 2 Web Ontology Language Direct Semantics (Second Edition)},
  url = {http://www.w3.org/TR/2012/REC-owl2-direct-semantics-20121211/}
}

@BOOK{pawlak_1991,
  author = {Pawlak, Zdzisław},
  year = {1991},
  title = {Rough Sets: Theoretical Aspects of Reasoning About Data},
  publisher = {Kluwer Academic Publishing Dordrecht},
  isbn = {0-7923-1472-7}
}

@ARTICLE{schreiber_2006,
  author = {G. Schreiber and A. Amin and M. van Assem and V. de Boer and L. Hardman and M. Hildebrand and L. Hollink and Z. Huang and J. van Kersen and M. de Niet and B. Omelayenko and J. van Ossenbruggen and R. Siebes and J. Taekema and J. Wielemaker and B. Wielinga},
  title = {MultimediaN E-Culture Demonstrator},
  journal = {The Semnantic Web - ISWC 2006, Athens, Georgia},
  volume = {4273},
  series = {Lecture Notes in Computer Science},
  pages = {951--958},
  publisher = {Springer Verlag},
  month = {November},
  year = {2006},
  note = {Winner of the Semantic Web Challenge 2006}
}

@MISC{oaei_2012,
  author = {OAEI},
  title = {The instance matching track of the Ontology Alignment Evaluation Initative (OAEI) 2012},
  year = {2012},
  url = {http://www.instancematching.org/oaei/}
}

@MISC{void_2011,
  author = {W3C},
  title = {Describing Linked Datasets with the VoID Vocabulary},
  month = {March},
  year = {2011},
  url = {http://www.w3.org/TR/2011/NOTE-void-20110303/}
}

